@masterthesis{Jahrens:2025,
  author = {Jahrens, Kevin},
  title = {Identifikation und Vergleich von Autorenangaben zu Software zwischen verschiedenen Datenquellen},
  school = {Hochschule Wismar},
  month = {1},
  year = {2025}
}