@Article{Volzke2010,
  author    = {Volzke, H. and Alte, D. and Schmidt, C. O. and Radke, D. and Lorbeer, R. and Friedrich, N. and Aumann, N. and Lau, K. and Piontek, M. and Born, G. and Havemann, C. and Ittermann, T. and Schipf, S. and Haring, R. and Baumeister, S. E. and Wallaschofski, H. and Nauck, M. and Frick, S. and Arnold, A. and Junger, M. and Mayerle, J. and Kraft, M. and Lerch, M. M. and Dorr, M. and Reffelmann, T. and Empen, K. and Felix, S. B. and Obst, A. and Koch, B. and Glaser, S. and Ewert, R. and Fietze, I. and Penzel, T. and Doren, M. and Rathmann, W. and Haerting, J. and Hannemann, M. and Ropcke, J. and Schminke, U. and Jurgens, C. and Tost, F. and Rettig, R. and Kors, J. A. and Ungerer, S. and Hegenscheid, K. and Kuhn, J.-P. and Kuhn, J. and Hosten, N. and Puls, R. and Henke, J. and Gloger, O. and Teumer, A. and Homuth, G. and Volker, U. and Schwahn, C. and Holtfreter, B. and Polzer, I. and Kohlmann, T. and Grabe, H. J. and Rosskopf, D. and Kroemer, H. K. and Kocher, T. and Biffar, R. and John, U. and Hoffmann, W.},
  journal   = {International Journal of Epidemiology},
  title     = {Cohort Profile: The Study of Health in Pomerania},
  year      = {2010},
  issn      = {1464-3685},
  month     = feb,
  number    = {2},
  pages     = {294--307},
  volume    = {40},
  doi       = {10.1093/ije/dyp394},
  publisher = {Oxford University Press (OUP)},
}

@Comment{jabref-meta: databaseType:bibtex;}
